<record><leader>00000cas a2200000 a 4500</leader><controlfield tag="001">19259515</controlfield><controlfield tag="008">890224d19501967tnuwr ne      0    0eng d</controlfield><datafield ind1=" " ind2=" " tag="010"><subfield code="a">sn 89058360 </subfield></datafield><datafield ind1=" " ind2=" " tag="040"><subfield code="a">KNP</subfield><subfield code="b">eng</subfield><subfield code="c">KNP</subfield><subfield code="d">TGN</subfield><subfield code="d">OCL</subfield><subfield code="d">OCLCQ</subfield><subfield code="d">OCLCF</subfield><subfield code="d">OCLCO</subfield></datafield><datafield ind1=" " ind2=" " tag="042"><subfield code="a">msc</subfield></datafield><datafield ind1=" " ind2=" " tag="043"><subfield code="a">n-us-tn</subfield></datafield><datafield ind1="0" ind2="4" tag="245"><subfield code="a">The Winchester herald-times.</subfield></datafield><datafield ind1=" " ind2=" " tag="260"><subfield code="a">Winchester, Tenn. :</subfield><subfield code="b">Southern Print. and Pub. Co.,</subfield><subfield code="c">1950-1967.</subfield></datafield><datafield ind1=" " ind2=" " tag="300"><subfield code="a">v. :</subfield><subfield code="b">ill.</subfield></datafield><datafield ind1=" " ind2=" " tag="310"><subfield code="a">Weekly</subfield></datafield><datafield ind1="0" ind2=" " tag="362"><subfield code="a">Vol. 94, no. 26 (Mar. 1, 1950)-v. 111, no. 21 (May 24, 1967).</subfield></datafield><datafield ind1=" " ind2=" " tag="500"><subfield code="a">Publishers: Southern Print. &amp; Pub. Co., Mar. 1, 1950; Southern Print. Co., Mar. 8, 1950-May 24, 1967.</subfield></datafield><datafield ind1=" " ind2=" " tag="580"><subfield code="a">Formed by the union of: Truth and herald, and: Franklin County times (Winchester, Tenn.).</subfield></datafield><datafield ind1=" " ind2=" " tag="580"><subfield code="a">Merged with: Winchester chronicle (Winchester, Tenn.), to form: Herald-chronicle (Winchester, Tenn.).</subfield></datafield><datafield ind1=" " ind2="0" tag="651"><subfield code="a">Franklin County (Tenn.)</subfield><subfield code="v">Newspapers.</subfield></datafield><datafield ind1=" " ind2="0" tag="651"><subfield code="a">Winchester (Tenn.)</subfield><subfield code="v">Newspapers.</subfield></datafield><datafield ind1=" " ind2="7" tag="655"><subfield code="a">Newspapers.</subfield><subfield code="2">fast</subfield><subfield code="0">(OCoLC)fst01423814</subfield></datafield><datafield ind1=" " ind2="7" tag="651"><subfield code="a">Tennessee</subfield><subfield code="z">Franklin County.</subfield><subfield code="2">fast</subfield><subfield code="0">(OCoLC)fst01207052</subfield></datafield><datafield ind1=" " ind2="7" tag="651"><subfield code="a">Tennessee</subfield><subfield code="z">Winchester.</subfield><subfield code="2">fast</subfield><subfield code="0">(OCoLC)fst01227053</subfield></datafield><datafield ind1=" " ind2=" " tag="752"><subfield code="a">United States</subfield><subfield code="b">Tennessee</subfield><subfield code="c">Franklin</subfield><subfield code="d">Winchester.</subfield></datafield><datafield ind1="1" ind2="4" tag="780"><subfield code="t">Truth and herald</subfield><subfield code="w">(DLC)sn 97065096</subfield></datafield><datafield ind1="1" ind2="4" tag="780"><subfield code="t">Franklin County times (Winchester, Tenn.)</subfield><subfield code="w">(DLC)sn 89058325</subfield></datafield><datafield ind1="1" ind2="7" tag="785"><subfield code="t">Winchester chronicle (Winchester, Tenn.)</subfield><subfield code="w">(DLC)sn 97065117</subfield></datafield><datafield ind1="1" ind2="7" tag="785"><subfield code="t">Herald-chronicle (Winchester, Tenn.)</subfield><subfield code="w">(DLC)sn 87008339</subfield></datafield></record>